% intro

@inproceedings{harrison2014history,
  title={History of Interactive Theorem Proving.},
  author={Harrison, John and Urban, Josef and Wiedijk, Freek},
  booktitle={Computational Logic},
  volume={9},
  pages={135--214},
  year={2014}
}% Intro

@article{clarke1996formal,
  title={Formal methods: State of the art and future directions},
  author={Clarke, Edmund M. and Wing, Jeannette M.},
  journal={ACM Computing Surveys (CSUR)},
  volume={28},
  number={4},
  pages={626--643},
  year={1996},
  publisher={ACM}
}

%

@book{harper2016practical,
  title={Practical foundations for programming languages},
  author={Harper, Robert},
  year={2016},
  publisher={Cambridge University Press},
  pages  = {44-46}
}


% Concurrent Revisions


% haskell
@inproceedings{leijen2011prettier,
  title={Prettier concurrency: purely functional concurrent revisions},
  author={Leijen, Daan and Fahndrich, Manuel and Burckhardt, Sebastian},
  booktitle={ACM SIGPLAN Notices},
  volume={46},
  issue={12},
  pages={83--94},
  year={2011},
  organization={ACM}
}

% main, c#
@inproceedings{burckhardt2010concurrent,
  title={Concurrent programming with revisions and isolation types},
  author={Burckhardt, Sebastian and Baldassin, Alexandro and Leijen, Daan},
  booktitle={ACM Sigplan Notices},
  volume={45},
  issue={10},
  pages={691--707},
  year={2010},
  organization={ACM}
}

@inproceedings{burckhardt2011semantics,
  title={Semantics of concurrent revisions},
  author={Burckhardt, Sebastian and Leijen, Daan},
  booktitle={European Symposium on Programming},
  pages={116--135},
  year={2011},
  organization={Springer}
}

@article{burckhardt2011two,
  title={Two for the price of one: a model for parallel and incremental computation},
  author={Burckhardt, Sebastian and Leijen, Daan and Sadowski, Caitlin and Yi, Jaeheon and Ball, Thomas},
  journal={ACM SIGPLAN Notices},
  volume={46},
  number={10},
  pages={427--444},
  year={2011},
  publisher={ACM}
}

% Scala implementation
@misc{james2014scala,
  author = {James, Daniel},
  title = {A {S}cala implementation of Concurrent Revisions},
  year = {2014},
  publisher = {GitHub},
  journal = {GitHub repository},
  howpublished = {\url{https://github.com/dwhjames/scala-concurrent-revisions}},
}



% Snapshot

@inproceedings{yabandeh2012critique,
  title={A critique of snapshot isolation},
  author={Yabandeh, Maysam and G{\'o}mez Ferro, Daniel},
  booktitle={Proceedings of the 7th ACM european conference on Computer Systems},
  pages={155--168},
  year={2012},
  organization={ACM}
}



%%% Isabelle

% krauss

@misc{krauss2008defining,
  title={Defining recursive functions in {I}sabelle/{HOL}},
  author={Krauss, Alexander},
  note={\url{https://isabelle.in.tum.de/doc/functions.pdf} (accessed: 24 November 2018)}
}

% Framework, introduction
@article{paulson1986natural,
title = "Natural deduction as higher-order resolution",
journal = "The Journal of Logic Programming",
volume = "3",
number = "3",
pages = "237 - 258",
year = "1986",
issn = "0743-1066",
doi = "https://doi.org/10.1016/0743-1066(86)90015-4",
url = "http://www.sciencedirect.com/science/article/pii/0743106686900154",
author = "Paulson, Lawrence C."
}

@article{paulson1989foundation,
  title={The foundation of a generic theorem prover},
  author={Paulson, Lawrence C.},
  journal={Journal of Automated Reasoning},
  volume={5},
  number={3},
  pages={363--397},
  year={1989},
  publisher={Springer}
}

@article{farmer2008seven,
  title={The seven virtues of simple type theory},
  author={Farmer, William M},
  journal={Journal of Applied Logic},
  volume={6},
  number={3},
  pages={267--286},
  year={2008},
  publisher={Elsevier}
}

@misc{haftmann2018haskell,
  title={Haskell-style type classes with {I}sabelle/{I}sar},
  author={Haftmann, Florian},
  year={2018},
  note={\url{https://isabelle.in.tum.de/dist/Isabelle2018/doc/classes.pdf} (accessed: 24 November 2018)}
}


@misc{wenzel2013isabelle,
  title={Isabelle/j{E}dit},
  author={Wenzel, Makarius},
  year={2018},
  note={\url{https://isabelle.in.tum.de/dist/Isabelle2018/doc/jedit.pdf} (accessed: 16 November 2018)}
}

@misc{biendarra2018defining,
  title={Defining (Co)datatypes and Primitively (Co)recursive Functions in {I}sabelle/{HOL}},
  author={Biendarra, Julian and Blanchette, Jasmin Christian and Desharnais, Martin and Panny, Lorenz and Popescu, Andrei and Traytel, Dmitriy},
  year={2018},
  note={\url{http://isabelle.in.tum.de/dist/Isabelle2018/doc/datatypes.pdf} (accessed: 24 November 2018)}
}

@inproceedings{ballarin2003locales,
  title={Locales and locale expressions in {I}sabelle/{I}sar},
  author={Ballarin, Clemens},
  booktitle={International Workshop on Types for Proofs and Programs},
  pages={34--50},
  year={2003},
  organization={Springer}
}

@misc{paulson2018logics,
  title={Isabelle’s logics},
  author={Paulson, Lawrence C.},
  year={2018},
  note = {\url{https://isabelle.in.tum.de/dist/Isabelle2018/doc/logics.pdf} (accessed: 16 November 2018)}
}

@misc{paulson2018oldintro,
  title={Old introduction to {I}sabelle},
  author={Paulson, Lawrence C.},
  year={2018},
  note={\url{https://isabelle.in.tum.de/dist/Isabelle2018/doc/intro.pdf} (accessed: 16 November 2018)}
}

@inproceedings{blanchette2011automatic,
  title={Automatic proof and disproof in {I}sabelle/{HOL}},
  author={Blanchette, Jasmin Christian and Bulwahn, Lukas and Nipkow, Tobias},
  booktitle={International Symposium on Frontiers of Combining Systems},
  pages={12--27},
  year={2011},
  organization={Springer}
}

@misc{nipkow2013main,
  title={What’s in {M}ain},
  author={Nipkow, Tobias},
  year={2018},
  note={\url{https://isabelle.in.tum.de/dist/Isabelle2018/doc/main.pdf} (accessed: 16 November 2018)} 
}

@article{karp1966properties,
  title={Properties of a model for parallel computations: determinacy, termination, queueing},
  author={Karp, Richard M. and Miller, Rayamond E.},
  journal={{SIAM} Journal on Applied Mathematics},
  volume={14},
  number={6},
  pages={1390--1411},
  year={1966},
  publisher={{SIAM}}
}


@article{shavit1997software,
  title={Software transactional memory},
  author={Shavit, Nir and Touitou, Dan},
  journal={Distributed Computing},
  volume={10},
  number={2},
  pages={99--116},
  year={1997},
  publisher={Springer}
}

@book{bezem2003term,
  title={Term rewriting systems},
  editor={Bezem, Marc and Klop, Jan Willem and de Vrijer, Roel},
  year={2003},
  publisher={Cambridge University Press}
}

@book{nipkow2018isabelle,
  title={Isabelle/{HOL}: a proof assistant for higher-order logic},
  author={Nipkow, Tobias and Paulson, Lawrence C. and Wenzel, Markus},
  year={2018},
  publisher={Springer-Verlag}
}

@misc{paulson2013isabelle,
  title={Isabelle’s Logics: {FOL} and {ZF}},
  author={Paulson, Lawrence C.},
  year={2018},
  note={\url{https://isabelle.in.tum.de/dist/Isabelle2018/doc/logics-ZF.pdf} (accessed: 16 November 2018)}
}


@misc{wenzel2004isabelle,
  title={The {I}sabelle/{I}sar reference manual},
  author={Wenzel, Makarius},
  year={2018},
  note={\url{https://isabelle.in.tum.de/dist/Isabelle2018/doc/isar-ref.pdf} (accessed: 16 November 2018)}
}


@inproceedings{godefroid2008concurrency,
  title={Concurrency at {M}icrosoft: An exploratory survey},
  author={Godefroid, Patrice and Nagappan, Nachiappan},
  booktitle={{CAV} Workshop on Exploiting Concurrency Efficiently and Correctly},
  year={2008}
}

@article{lu2008learning,
  title={Learning from mistakes: a comprehensive study on real world concurrency bug characteristics},
  author={Lu, Shan and Park, Soyeon and Seo, Eunsoo and Zhou, Yuanyuan},
  journal={{ACM} {SIGOPS} Operating Systems Review},
  volume={42},
  number={2},
  pages={329--339},
  year={2008},
  publisher={ACM}
}

@article{leveson1993investigation,
  title={An investigation of the {T}herac-25 accidents},
  author={Leveson, Nancy G. and Turner, Clark S.},
  journal={IEEE computer},
  volume={26},
  number={7},
  pages={18--41},
  year={1993}
}

@article{kirilenko2013moore,
  title={Moore's law versus {M}urphy's law: Algorithmic trading and its discontents},
  author={Kirilenko, Andrei A. and Lo, Andrew W.},
  journal={Journal of Economic Perspectives},
  volume={27},
  number={2},
  pages={51--72},
  year={2013}
}

% TM research

@inproceedings{manovit2006testing,
  title={Testing implementations of transactional memory},
  author={Manovit, Chaiyasit and Hangal, Sudheendra and Chafi, Hassan and McDonald, Austen and Kozyrakis, Christos and Olukotun, Kunle},
  booktitle={Proceedings of the 15th international conference on Parallel architectures and compilation techniques},
  pages={134--143},
  year={2006},
  organization={ACM}
}

@article{hammond2004transactional,
 author = {Hammond, Lance and Wong, Vicky and Chen, Mike and Carlstrom, Brian D. and Davis, John D. and Hertzberg, Ben and Prabhu, Manohar K. and Wijaya, Honggo and Kozyrakis, Christos and Olukotun, Kunle},
 title = {Transactional Memory Coherence and Consistency},
 journal = {SIGARCH Comput. Archit. News},
 issue_date = {March 2004},
 volume = {32},
 number = {2},
 month = mar,
 year = {2004},
 issn = {0163-5964},
 pages = {102--},
 url = {http://doi.acm.org/10.1145/1028176.1006711},
 doi = {10.1145/1028176.1006711},
 acmid = {1006711},
 publisher = {ACM},
 address = {New York, NY, USA},
}


@article{abadi2008semantics,
  title={Semantics of transactional memory and automatic mutual exclusion},
  author={Abadi, Mart{\'\i}n and Birrell, Andrew and Harris, Tim and Isard, Michael},
  journal={ACM SIGPLAN Notices},
  volume={43},
  number={1},
  pages={63--74},
  year={2008},
  publisher={ACM}
}

@article{harris2010transactional,
  title={Transactional memory},
  author={Harris, Tim and Larus, James and Rajwar, Ravi},
  journal={Synthesis Lectures on Computer Architecture},
  volume={5},
  number={1},
  pages={1--263},
  year={2010},
  publisher={Morgan \& Claypool Publishers}
}

@article{harris2006optimizing,
  title={Optimizing memory transactions},
  author={Harris, Tim and Plesko, Mark and Shinnar, Avraham and Tarditi, David},
  journal={ACM SIGPLAN Notices},
  volume={41},
  number={6},
  pages={14--25},
  year={2006},
  publisher={ACM}
}

@inproceedings{cohen2008mechanical,
  title={Mechanical verification of transactional memories with non-transactional memory accesses},
  author={Cohen, Ariel and Pnueli, Amir and Zuck, Lenore D.},
  booktitle={International Conference on Computer Aided Verification},
  pages={121--134},
  year={2008},
  organization={Springer}
}

@article{doherty2013towards,
  title={Towards formally specifying and verifying transactional memory},
  author={Doherty, Simon and Groves, Lindsay and Luchangco, Victor and Moir, Mark},
  journal={Formal Aspects of Computing},
  volume={25},
  number={5},
  pages={769--799},
  year={2013},
  publisher={Springer}
}

@inproceedings{doherty2017proving,
  author =	{Simon Doherty and Brijesh Dongol and John Derrick and Gerhard Schellhorn and Heike Wehrheim},
  title =	{Proving Opacity of a Pessimistic {STM}},
  booktitle =	{20th International Conference on Principles of Distributed Systems (OPODIS 2016)},
  pages =	{35:1--35:17},
  series =	{Leibniz International Proceedings in Informatics (LIPIcs)},
  ISBN =	{978-3-95977-031-6},
  ISSN =	{1868-8969},
  year =	{2017},
  volume =	{70},
  editor =	{Panagiota Fatourou and Ernesto Jim{\'e}nez and Fernando Pedone},
  publisher =	{Schloss Dagstuhl--Leibniz-Zentrum fuer Informatik},
  address =	{Dagstuhl, Germany}
}

@inproceedings{harris2005composable,
  title={Composable memory transactions},
  author={Harris, Tim and Marlow, Simon and Peyton-Jones, Simon and Herlihy, Maurice},
  booktitle={Proceedings of the tenth ACM SIGPLAN symposium on Principles and practice of parallel programming},
  pages={48--60},
  year={2005},
  organization={ACM}
}


% tla

@article{newcombe2015amazon,
  title={How {A}mazon {W}eb {S}ervices uses formal methods},
  author={Newcombe, Chris and Rath, Tim and Zhang, Fan and Munteanu, Bogdan and Brooker, Marc and Deardeuff, Michael},
  journal={Communications of the ACM},
  volume={58},
  number={4},
  pages={66--73},
  year={2015},
  publisher={ACM}
}


@inproceedings{groote2007formal,
  title={The formal specification language m{CRL2}},
  author={Groote, Jan Friso and Mathijssen, Aad and Reniers, Michel and Usenko, Yaroslav and Van Weerdenburg, Muck},
  booktitle={Dagstuhl Seminar Proceedings},
  year={2007},
  organization={Schloss Dagstuhl-Leibniz-Zentrum f{\"u}r Informatik}
}

@book{bertot2013interactive,
  title={Interactive theorem proving and program development: {C}oq’{A}rt: the calculus of inductive constructions},
  author={Bertot, Yves and Cast{\'e}ran, Pierre},
  year={2013},
  publisher={Springer Science \& Business Media}
}
@book{lamport2002specifying,
  title={Specifying systems: the {TLA}+ language and tools for hardware and software engineers},
  author={Lamport, Leslie},
  year={2002},
  publisher={Addison-Wesley Longman Publishing Co., Inc.}
}


%% additional refs

@inproceedings{biendarraBBDFHK17,
  author    = {Julian Biendarra and
               Jasmin Christian Blanchette and
               Aymeric Bouzy and
               Martin Desharnais and
               Mathias Fleury and
               Johannes H{\"{o}}lzl and
               Ond\v{r}ej Kun\v{c}ar and
               Andreas Lochbihler and
               Fabian Meier and
               Lorenz Panny and
               Andrei Popescu and
               Christian Sternagel and
               Ren{\'{e}} Thiemann and
               Dmitriy Traytel},
  title     = {Foundational (Co)datatypes and (Co)recursion for Higher-Order Logic},
  booktitle = {Frontiers of Combining Systems - 11th International Symposium, FroCoS
               2017, Bras{\'{\i}}lia, Brazil, September 27-29, 2017, Proceedings},
  pages     = {3--21},
  year      = {2017},
  url       = {https://doi.org/10.1007/978-3-319-66167-4\_1},
  doi       = {10.1007/978-3-319-66167-4\_1},
  timestamp = {Fri, 02 Nov 2018 09:37:17 +0100},
  biburl    = {https://dblp.org/rec/bib/conf/frocos/BiendarraBBDFHK17},
  bibsource = {dblp computer science bibliography, https://dblp.org}
}

@inproceedings{haftmann2006constructive,
  title={Constructive type classes in Isabelle},
  author={Haftmann, Florian and Wenzel, Makarius},
  booktitle={International Workshop on Types for Proofs and Programs},
  pages={160--174},
  year={2006},
  organization={Springer}
}


@inproceedings{wenzel2012isabelle,
  title={Isabelle/jEdit--a Prover {IDE} within the {PIDE} framework},
  author={Wenzel, Makarius},
  booktitle={International Conference on Intelligent Computer Mathematics},
  pages={468--471},
  year={2012},
  organization={Springer}
}