@incollection{arbab2011puff,
  title={Puff, the magic protocol},
  author={Arbab, Farhad},
  booktitle={Formal Modeling: Actors, Open Systems, Biological Systems},
  pages={169--206},
  year={2011},
  publisher={Springer}
}

@article{shaw1984abstraction,
	title={Abstraction techniques in modern programming languages},
	author={Shaw, Mary},
	journal={IEEE software},
	number={4},
	pages={10--26},
	year={1984},
	publisher={IEEE}
}
@article{jongmans2013modularizing,
	title={Modularizing and specifying protocols among threads},
	author={Jongmans, Sung-Shik TQ and Arbab, Farhad},
	journal={arXiv preprint arXiv:1302.6333},
	year={2013}
}
@article{chamberlain2007parallel,
	title={Parallel programmability and the chapel language},
	author={Chamberlain, Bradford L and Callahan, David and Zima, Hans P},
	journal={The International Journal of High Performance Computing Applications},
	volume={21},
	number={3},
	pages={291--312},
	year={2007},
	publisher={Sage Publications Sage UK: London, England}
}

@book{nederpelt2014type,
	title={Type theory and formal proof: an introduction},
	author={Nederpelt, Rob and Geuvers, Herman},
	year={2014},
	publisher={Cambridge University Press}
}



@inproceedings{dokter2018rule,
  title={Rule-based form for stream constraints},
  author={Dokter, Kasper and Arbab, Farhad},
  booktitle={International Conference on Coordination Languages and Models},
  pages={142--161},
  year={2018},
  organization={Springer}
}
@article{arbab2005abstract,
	title={Abstract behavior types: a foundation model for components and their composition},
	author={Arbab, Farhad},
	journal={Science of Computer Programming},
	volume={55},
	number={1-3},
	pages={3--52},
	year={2005},
	publisher={Elsevier}
}

@book{de2001concurrency,
	title={Concurrency verification: Introduction to compositional and non-compositional methods},
	author={De Roever, W-P and de Boer, Frank and Hanneman, Ulrich and Hooman, Jozef and Lakhnech, Yassine and Poel, Mannes and Zwiers, Job},
	volume={54},
	year={2001},
	publisher={Cambridge University Press}
}
@article{arbab2004modeling,
	title={Modeling component connectors in Reo by constraint automata},
	author={Arbab, Farhad and Baier, Christel and Rutten, Jan and Sirjani, Marjan},
	journal={Electronic Notes in Theoretical Computer Science},
	volume={97},
	pages={25--46},
	year={2004},
	publisher={Elsevier}
}
@article{arbab2004reo,
	title={Reo: a channel-based coordination model for component composition},
	author={Arbab, Farhad},
	journal={Mathematical structures in computer science},
	volume={14},
	number={3},
	pages={329--366},
	year={2004},
	publisher={Cambridge University Press}
}
@article{arbab2001coordination,
	title={Coordination of mobile components},
	author={Arbab, Farhad},
	journal={Electronic Notes in Theoretical Computer Science},
	volume={54},
	pages={1--16},
	year={2001},
	publisher={Elsevier}
}
@article{jongmans2012overview,
	title={Overview of Thirty Semantic Formalisms for Reo.},
	author={Jongmans, Sung-Shik TQ and Arbab, Farhad},
	journal={Scientific Annals of Computer Science},
	volume={22},
	number={1},
	year={2012}
}

@article{baier2006modeling,
	title={Modeling component connectors in Reo by constraint automata},
	author={Baier, Christel and Sirjani, Marjan and Arbab, Farhad and Rutten, Jan},
	journal={Science of computer programming},
	volume={61},
	number={2},
	pages={75--113},
	year={2006},
	publisher={Elsevier}
}

@article{blechmann2008checking,
	title={Checking equivalence for Reo networks},
	author={Blechmann, Tobias and Baier, Christel},
	journal={Electronic Notes in Theoretical Computer Science},
	volume={215},
	pages={209--226},
	year={2008},
	publisher={Elsevier}
}

@article{jongmans2013modularizing,
	title={Modularizing and specifying protocols among threads},
	author={Jongmans, Sung-Shik TQ and Arbab, Farhad},
	journal={arXiv preprint arXiv:1302.6333},
	year={2013}
}

@article{jung2017rustbelt,
	title={RustBelt: Securing the foundations of the Rust programming language},
	author={Jung, Ralf and Jourdan, Jacques-Henri and Krebbers, Robbert and Dreyer, Derek},
	journal={Proceedings of the ACM on Programming Languages},
	volume={2},
	number={POPL},
	pages={66},
	year={2017},
	publisher={ACM}
}
@article{honda2008multiparty,
	title={Multiparty asynchronous session types},
	author={Honda, Kohei and Yoshida, Nobuko and Carbone, Marco},
	journal={ACM SIGPLAN Notices},
	volume={43},
	number={1},
	pages={273--284},
	year={2008},
	publisher={ACM}
}

@inproceedings{jongmans2013global,
	title={Global consensus through local synchronization},
	author={Jongmans, Sung-Shik TQ and Arbab, Farhad},
	booktitle={European Conference on Service-Oriented and Cloud Computing},
	pages={174--188},
	year={2013},
	organization={Springer}
}

@misc{rschannels,
	title={New Channels},
	url={https://stjepang.github.io/2019/03/02/new-channels.html},
	Journal={Github},
	year={2019},
	author={Glavina, Sjepan}
}

@misc{typestatemachine,
	title={Pretty State Machine Patterns in Rust},
	url={https://hoverbear.org/2016/10/12/rust-state-machine-pattern/},
	journal={Hoverbear},
	author={Hobden, Ana}
}
@misc{typestate,
	title={The Typestate Pattern in Rust},
	url={http://cliffle.com/blog/rust-typestate/},
	journal={Cliffle},
	author={Biffle, Cliff L}
}

@article{walker2005substructural,
	title={Substructural type systems},
	author={Walker, David},
	journal={Advanced Topics in Types and Programming Languages},
	pages={3--44},
	year={2005},
	publisher={The MIT Press}
}

@inproceedings{tov2011practical,
	title={Practical affine types.},
	author={Tov, Jesse A and Pucella, Riccardo},
	booktitle={POPL},
	pages={447--458},
	year={2011}
}

@misc{matsakis_2015,
	title={Owned references to contents in an earlier stack frame. Issue 998. rust-lang/rfcs}, url={https://github.com/rust-lang/rfcs/issues/998},
	journal={GitHub},
	author={Matsakis, Niko},
	year={2015},
	month={Mar}
}


@misc{anon_sum,
	title={Anonymous sum types. Issue 294. rust-lang/rfcs}, url={https://github.com/rust-lang/rfcs/issues/294},
	journal={GitHub},
	author={User `rust-highfive'},
	year={2014},
	month={Sept}
}

https://github.com/rust-lang/rfcs/issues/294

@book{nystrom2014game,
	title={Game programming patterns},
	author={Nystrom, Robert},
	year={2014},
	publisher={Genever Benning}
}

@misc{exotic_sizes,
	title={Exotic Sizes},
	howpublished = {\url{https://doc.rust-lang.org/nomicon/exotic-sizes.html}},
	journal={The Rust 'Nomicon}, publisher={rust-lang.org},
	author={Goregaokar, Manish},
	note={Accessed: 2019-06-01},
}


@misc{llvm_atomics,
	title={Memory Model of Concurrent Operations},
	url={https://llvm.org/docs/LangRef.html#memory-model-for-concurrent-operations},
	journal={LLVM Language Reference Manual},
	publisher={llvm.org}
}

@article{DBLP:journals/vlc/KrauseGV13,
	author    = {Christian Krause and
	Holger Giese and
	Erik P. de Vink},
	title     = {Compositional and behavior-preserving reconfiguration of component
	connectors in Reo},
	journal   = {J. Vis. Lang. Comput.},
	volume    = {24},
	number    = {3},
	pages     = {153--168},
	year      = {2013},
	url       = {https://doi.org/10.1016/j.jvlc.2012.09.002},
	doi       = {10.1016/j.jvlc.2012.09.002},
	timestamp = {Fri, 14 Jul 2017 13:43:14 +0200},
	biburl    = {https://dblp.org/rec/bib/journals/vlc/KrauseGV13},
	bibsource = {dblp computer science bibliography, https://dblp.org}
}

@article{DBLP:journals/scp/PourvatanSHA12,
	author    = {Bahman Pourvatan and
	Marjan Sirjani and
	Hossein Hojjat and
	Farhad Arbab},
	title     = {Symbolic execution of Reo circuits using constraint automata},
	journal   = {Sci. Comput. Program.},
	volume    = {77},
	number    = {7-8},
	pages     = {848--869},
	year      = {2012},
	url       = {https://doi.org/10.1016/j.scico.2011.04.001},
	doi       = {10.1016/j.scico.2011.04.001},
	timestamp = {Sat, 27 May 2017 14:22:54 +0200},
	biburl    = {https://dblp.org/rec/bib/journals/scp/PourvatanSHA12},
	bibsource = {dblp computer science bibliography, https://dblp.org}
}
% this one has the CA with mem def

@book{klabnik2018rust,
	title={The Rust Programming Language},
	author={Klabnik, Steve and Nichols, Carol},
	year={2018},
	publisher={No Starch Press}
}